@BOOK{loeb_furlanetto_2013,
    author = {{Loeb}, A. and {Furlanetto}, S.},
    year = 2013,
    title =  {The First Galaxies in the Universe},
    publisher = {Princeton University Press}
   }

@ARTICLE{bowman_et_al2018,
   author = {{Bowman}, J.~D. and {Rogers}, A.~E.~E. and {Monsalve}, R.~A. and 
    {Mozdzen}, T.~J. and {Mahesh}, N.},
    title = "{An absorption profile centred at 78 megahertz in the sky-averaged spectrum}",
  journal = {\nat},
     year = 2018,
    month = mar,
   volume = 555,
    pages = {67-70},
      doi = {10.1038/nature25792},
   adsurl = {http://adsabs.harvard.edu/abs/2018Natur.555...67B},
  adsnote = {Provided by the SAO/NASA Astrophysics Data System}
}

@ARTICLE{fialkov_et_al2014,
   author = {{Fialkov}, A. and {Barkana}, R. and {Visbal}, E.},
    title = "{The observable signature of late heating of the Universe during cosmic reionization}",
  journal = {\nat},
archivePrefix = "arXiv",
   eprint = {1402.0940},
     year = 2014,
    month = feb,
   volume = 506,
    pages = {197-199},
      doi = {10.1038/nature12999},
   adsurl = {http://adsabs.harvard.edu/abs/2014Natur.506..197F},
  adsnote = {Provided by the SAO/NASA Astrophysics Data System}
}

@article{pritchard_loeb2012,
    Adsnote = {Provided by the SAO/NASA Astrophysics Data System},
    Adsurl = {http://adsabs.harvard.edu/abs/2012RPPh...75h6901P},
    Archiveprefix = {arXiv},
    Author = {{Pritchard}, J.~R. and {Loeb}, A.},
    Doi = {10.1088/0034-4885/75/8/086901},
    Eid = {086901},
    Eprint = {1109.6012},
    Journal = {Reports on Progress in Physics},
    Month = aug,
    Number = 8,
    Pages = {086901},
    Primaryclass = {astro-ph.CO},
    Title = {{21 cm cosmology in the 21st century}},
    Volume = 75,
    Year = 2012,
    Bdsk-Url-1 = {http://dx.doi.org/10.1088/0034-4885/75/8/086901}}

@ARTICLE{weisz2017,
   author = {{Weisz}, D.~R. and {Boylan-Kolchin}, M.},
    title = "{Local Group ultra-faint dwarf galaxies in the reionization era}",
  journal = {\mnras},
archivePrefix = "arXiv",
   eprint = {1702.06129},
 keywords = {Hertzsprung-Russell and colour-magnitude, galaxies: dwarf, galaxies: high-redshift, Local Group, galaxies: luminosity function, mass function, early Universe},
     year = 2017,
    month = jul,
   volume = 469,
    pages = {L83-L88},
      doi = {10.1093/mnrasl/slx043},
   adsurl = {http://adsabs.harvard.edu/abs/2017MNRAS.469L..83W},
  adsnote = {Provided by the SAO/NASA Astrophysics Data System}
}

@ARTICLE{becker_et_al2001,
   author = {{Becker}, R.~H. and {Fan}, X. and {White}, R.~L. and {Strauss}, M.~A. and 
    {Narayanan}, V.~K. and {Lupton}, R.~H. and {Gunn}, J.~E. and 
    {Annis}, J. and {Bahcall}, N.~A. and {Brinkmann}, J. and {Connolly}, A.~J. and 
    {Csabai}, I. and {Czarapata}, P.~C. and {Doi}, M. and {Heckman}, T.~M. and 
    {Hennessy}, G.~S. and {Ivezi{\'c}}, {\v Z}. and {Knapp}, G.~R. and 
    {Lamb}, D.~Q. and {McKay}, T.~A. and {Munn}, J.~A. and {Nash}, T. and 
    {Nichol}, R. and {Pier}, J.~R. and {Richards}, G.~T. and {Schneider}, D.~P. and 
    {Stoughton}, C. and {Szalay}, A.~S. and {Thakar}, A.~R. and 
    {York}, D.~G.},
    title = "{Evidence for Reionization at z\~{}6: Detection of a Gunn-Peterson Trough in a z=6.28 Quasar}",
  journal = {\aj},
   eprint = {astro-ph/0108097},
 keywords = {Cosmology: Observations, Galaxies: Formation, Galaxies: Quasars: Absorption Lines, Galaxies: Quasars: General},
     year = 2001,
    month = dec,
   volume = 122,
    pages = {2850-2857},
      doi = {10.1086/324231},
   adsurl = {http://adsabs.harvard.edu/abs/2001AJ....122.2850B},
  adsnote = {Provided by the SAO/NASA Astrophysics Data System}
}

@article{furlanetto_et_al2006,
    Adsnote = {Provided by the SAO/NASA Astrophysics Data System},
    Adsurl = {http://adsabs.harvard.edu/abs/2006PhR...433..181F},
    Author = {{Furlanetto}, S.~R. and {Oh}, S.~P. and {Briggs}, F.~H.},
    Doi = {10.1016/j.physrep.2006.08.002},
    Eprint = {arXiv:astro-ph/0608032},
    Journal = {\physrep},
    Month = oct,
    Pages = {181-301},
    Title = {{Cosmology at low frequencies: The 21 cm transition and the high-redshift Universe}},
    Volume = 433,
    Year = 2006,
    Bdsk-Url-1 = {http://dx.doi.org/10.1016/j.physrep.2006.08.002}}

@INPROCEEDINGS{haiman_knox_1999,
   author = {{Haiman}, Z. and {Knox}, L.},
    title = "{Reionization of the Intergalactic Medium and its Effect on the CMB}",
booktitle = {Microwave Foregrounds},
     year = 1999,
   series = {Astronomical Society of the Pacific Conference Series},
   volume = 181,
   eprint = {astro-ph/9902311},
   editor = {{de Oliveira-Costa}, A. and {Tegmark}, M.},
    pages = {227},
   adsurl = {http://adsabs.harvard.edu/abs/1999ASPC..181..227H},
  adsnote = {Provided by the SAO/NASA Astrophysics Data System}
}

@article{hinshaw_et_al2013,
  author={G. Hinshaw and D. Larson and E. Komatsu and D. N. Spergel and C. L. Bennett and J. Dunkley and M. R. Nolta and M. Halpern and R. S.
Hill and N. Odegard and L. Page and K. M. Smith and J. L. Weiland and B. Gold and N. Jarosik and A. Kogut and M. Limon and S. S.
Meyer and G. S. Tucker and E. Wollack and E. L. Wright},
  title={Nine-year Wilkinson Microwave Anisotropy Probe (WMAP) Observations: Cosmological Parameter Results},
  journal={The Astrophysical Journal Supplement Series},
  volume={208},
  number={2},
  pages={19},
  url={http://stacks.iop.org/0067-0049/208/i=2/a=19},
  year={2013}
}

@ARTICLE{planck2016,
   author = {{Planck Collaboration} and {Ade}, P.~A.~R. and {Aghanim}, N. and 
    {Arnaud}, M. and {Ashdown}, M. and {Aumont}, J. and {Baccigalupi}, C. and 
    {Banday}, A.~J. and {Barreiro}, R.~B. and {Bartlett}, J.~G. and et al.},
    title = "{Planck 2015 results. XIII. Cosmological parameters}",
  journal = {\aap},
archivePrefix = "arXiv",
   eprint = {1502.01589},
 keywords = {cosmology: observations, cosmology: theory, cosmic background radiation, cosmological parameters},
     year = 2016,
    month = sep,
   volume = 594,
      eid = {A13},
    pages = {A13},
      doi = {10.1051/0004-6361/201525830},
   adsurl = {http://adsabs.harvard.edu/abs/2016A%26A...594A..13P},
  adsnote = {Provided by the SAO/NASA Astrophysics Data System}
}
   
@ARTICLE{robertson_et_al2015,
   author = {{Robertson}, B.~E. and {Ellis}, R.~S. and {Furlanetto}, S.~R. and 
    {Dunlop}, J.~S.},
    title = "{Cosmic Reionization and Early Star-forming Galaxies: A Joint Analysis of New Constraints from Planck and the Hubble Space Telescope}",
  journal = {\apjl},
archivePrefix = "arXiv",
   eprint = {1502.02024},
 keywords = {galaxies: high-redshift},
     year = 2015,
    month = apr,
   volume = 802,
      eid = {L19},
    pages = {L19},
      doi = {10.1088/2041-8205/802/2/L19},
   adsurl = {http://adsabs.harvard.edu/abs/2015ApJ...802L..19R},
  adsnote = {Provided by the SAO/NASA Astrophysics Data System}
}

